@article{danielson2024adhd,
  title={ADHD prevalence among US children and adolescents in 2022: diagnosis, severity, co-occurring disorders, and treatment},
  author={Danielson, Melissa L and Claussen, Angelika H and Bitsko, Rebecca H and Katz, Samuel M and Newsome, Kimberly and Blumberg, Stephen J and Kogan, Michael D and Ghandour, Reem},
  journal={Journal of Clinical Child \& Adolescent Psychology},
  volume={53},
  number={3},
  pages={343--360},
  year={2024},
  publisher={Taylor \& Francis}
}
@inproceedings{b3,
  title={Crop yield prediction using deep neural network},
  author={Haque, Fatin Farhan and Abdelgawad, Ahmed and Yanambaka, Venkata Prasanth and Yelamarthi, Kumar},
  booktitle={2020 IEEE 6th World Forum on Internet of Things (WF-IoT)},
  pages={1--4},
  year={2020},
  organization={IEEE}
}
@inproceedings{b4,
  title={A comparative analysis of crop yield prediction using regression},
  author={Rai, Swarnim and Nandre, Janvi and Kanawade, BR},
  booktitle={2022 2nd International Conference on Intelligent Technologies (CONIT)},
  pages={1--4},
  year={2022},
  organization={IEEE}
}
@article{b5,
  title={Crops yield prediction based on machine learning models: Case of West African countries},
  author={Cedric, Lontsi Saadio and Adoni, Wilfried Yves Hamilton and Aworka, Rubby and Zoueu, J{\'e}r{\'e}mie Thouakesseh and Mutombo, Franck Kalala and Krichen, Moez and Kimpolo, Charles Lebon Mberi},
  journal={Smart Agricultural Technology},
  volume={2},
  pages={100049},
  year={2022},
  publisher={Elsevier}
}
@article{b6,
  title={Crop yield prediction via explainable AI and interpretable machine learning: Dangers of black box models for evaluating climate change impacts on crop yield},
  author={Hu, Tongxi and Zhang, Xuesong and Bohrer, Gil and Liu, Yanlan and Zhou, Yuyu and Martin, Jay and Li, Yang and Zhao, Kaiguang},
  journal={Agricultural and Forest Meteorology},
  volume={336},
  pages={109458},
  year={2023},
  publisher={Elsevier}
}
@inproceedings{b7,
  title={Deep learning based framework for crop yield prediction},
  author={Sucharitha, Yadala and Reddy, Pundru Chandra Shaker and Chitti, TN},
  booktitle={AIP Conference Proceedings},
  volume={2548},
  number={1},
  year={2023},
  organization={AIP Publishing}
}
@article{b8,
  title={Machine learning applications for precision agriculture: A comprehensive review},
  author={Sharma, Abhinav and Jain, Arpit and Gupta, Prateek and Chowdary, Vinay},
  journal={IEEE Access},
  volume={9},
  pages={4843--4873},
  year={2020},
  publisher={IEEE}
}
@article{b9,
  title={Crop yield prediction with environmental and chemical variables using optimized ensemble predictive model in machine learning},
  author={Krishnadoss, Nivethitha and Ramasamy, Lokesh Kumar},
  journal={Environmental Research Communications},
  volume={6},
  number={10},
  pages={101001},
  year={2024},
  publisher={IOP Publishing}
}
@article{b10,
  title={Crop yield prediction using deep reinforcement learning model for sustainable agrarian applications},
  author={Elavarasan, Dhivya and Vincent, PM Durairaj},
  journal={IEEE access},
  volume={8},
  pages={86886--86901},
  year={2020},
  publisher={IEEE}
}
@inproceedings{b11,
  title={Crop yield estimation in India using machine learning},
  author={Kavita, Ms and Mathur, Pratistha},
  booktitle={2020 IEEE 5th international conference on computing communication and automation (ICCCA)},
  pages={220--224},
  year={2020},
  organization={IEEE}
}
@article{b12,
  title={Crop yield prediction through machine learning: A path towards sustainable agriculture and climate resilience in Saudi Arabia},
  author={Islam, Mohammad M and Alharthi, Majed and Alkadi, Torana S and Islam, Rafiqul and Masum, AKM},
  journal={AIMS Agriculture and Food},
  volume={9},
  number={4},
  pages={980},
  year={2024},
  publisher={AIMS Press}
}
@article{b13,
  title={Crop yield prediction using different machine learning techniques},
  author={Mahore, Pallavi Shankarrao and Bardekar, Aashish A and others},
  journal={International Journal of Scientific Research in Computer Science, Engineering and Information Technology},
  year={2021}
}
@article{b14,
  title={Crop yield prediction using effective deep learning and dimensionality reduction approaches for Indian regional crops},
  author={Subramaniam, Leelavathi Kandasamy and Marimuthu, Rajasenathipathi},
  journal={e-Prime-Advances in Electrical Engineering, Electronics and Energy},
  volume={8},
  pages={100611},
  year={2024},
  publisher={Elsevier}
}
@article{b15,
  title={Integrating multi-source data for rice yield prediction across China using machine learning and deep learning approaches},
  author={Cao, Juan and Zhang, Zhao and Tao, Fulu and Zhang, Liangliang and Luo, Yuchuan and Zhang, Jing and Han, Jichong and Xie, Jun},
  journal={Agricultural and Forest Meteorology},
  volume={297},
  pages={108275},
  year={2021},
  publisher={Elsevier}
}
@inproceedings{b16,
  title={Crop yield prediction based on Indian agriculture using machine learning},
  author={Nishant, Potnuru Sai and Venkat, Pinapa Sai and Avinash, Bollu Lakshmi and Jabber, B},
  booktitle={2020 international conference for emerging technology (INCET)},
  pages={1--4},
  year={2020},
  organization={IEEE}
}
@inproceedings{b17,
  title={Supervised machine learning approach for crop yield prediction in agriculture sector},
  author={Kumar, Y Jeevan Nagendra and Spandana, V and Vaishnavi, VS and Neha, K and Devi, VGRR},
  booktitle={2020 5th International Conference on Communication and Electronics Systems (ICCES)},
  pages={736--741},
  year={2020},
  organization={IEEE}
}
@article{b18,
  title={Sweet corn yield prediction using machine learning models and field-level data},
  author={Dhaliwal, Daljeet S and Williams, Martin M},
  journal={Precision Agriculture},
  volume={25},
  number={1},
  pages={51--64},
  year={2024},
  publisher={Springer}
}
@inproceedings{b19,
  title={Crop yield estimation using machine learning},
  author={Patel, Nihar and Patel, Deep and Patel, Samir and Patel, Vibha},
  booktitle={International Conference on Soft Computing and its Engineering Applications},
  pages={328--342},
  year={2020},
  organization={Springer}
}
@article{b20,
  title={Ensemble machine learning-based recommendation system for effective prediction of suitable agricultural crop cultivation},
  author={Hasan, Mahmudul and Marjan, Md Abu and Uddin, Md Palash and Afjal, Masud Ibn and Kardy, Seifedine and Ma, Shaoqi and Nam, Yunyoung},
  journal={Frontiers in Plant Science},
  volume={14},
  pages={1234555},
  year={2023},
  publisher={Frontiers Media SA}
}
@article{b21,
  title={Wild blueberry yield prediction using a combination of computer simulation and machine learning algorithms},
  author={Obsie, Efrem Yohannes and Qu, Hongchun and Drummond, Francis},
  journal={Computers and Electronics in Agriculture},
  volume={178},
  pages={105778},
  year={2020},
  publisher={Elsevier}
}
@article{b22,
  title={Optimal county-level crop yield prediction using MODIS-based variables and weather data: A comparative study on machine learning models},
  author={Ju, Sungha and Lim, Hyoungjoon and Ma, Jong Won and Kim, Soohyun and Lee, Kyungdo and Zhao, Shuhe and Heo, Joon},
  journal={Agricultural and Forest Meteorology},
  volume={307},
  pages={108530},
  year={2021},
  publisher={Elsevier}
}
@inproceedings{b23,
  title={Machine Learning convergence for weather based crop selection},
  author={Jain, Sonal and Ramesh, Dharavath},
  booktitle={2020 IEEE International Students' Conference on Electrical, Electronics and Computer Science (SCEECS)},
  pages={1--6},
  year={2020},
  organization={IEEE}
}
@article{b24,
  title={Crop recommendation and forecasting system for Maharashtra using machine learning with LSTM: A novel expectation-maximization technique},
  author={Mahale, Yashashree and Khan, Nida and Kulkarni, Kunal and Wagle, Shivali Amit and Pareek, Preksha and Kotecha, Ketan and Choudhury, Tanupriya and Sharma, Ashutosh},
  journal={Discover Sustainability},
  volume={5},
  number={1},
  pages={134},
  year={2024},
  publisher={Springer}
}
@inproceedings{b25,
  title={A deep learning model for heterogeneous dataset analysis-application to winter wheat crop yield prediction},
  author={Bansal, Yogesh and Lillis, David and Kechadi, M-Tahar},
  booktitle={International Conference on Information, Communication and Computing Technology},
  pages={182--194},
  year={2023},
  organization={Springer}
}
@article{b26,
  title={Predicting agriculture yields based on machine learning using regression and deep learning},
  author={Sharma, Priyanka and Dadheech, Pankaj and Aneja, Nagender and Aneja, Sandhya},
  journal={IEEE Access},
  year={2023},
  publisher={IEEE}
}
@article{b27,
  title={Crop yield prediction algorithm (CYPA) in precision agriculture based on IoT techniques and climate changes},
  author={Talaat, Fatma M},
  journal={Neural Computing and Applications},
  volume={35},
  number={23},
  pages={17281--17292},
  year={2023},
  publisher={Springer}
}
@article{b28,
  title={Cloud-based Collaborative Agricultural Learning with Flexible Model Size and Adaptive Batch Number},
  author={Shi, Hongjian and Bayanbayev, Ilyas and Zheng, Wenkai and Ma, Ruhui and Guan, Haibing},
  journal={ACM Transactions on Sensor Networks},
  year={2023},
  publisher={ACM New York, NY}
}
@inproceedings{b29, 
title={Agriculture Yield Estimation Using Machine Learning Algorithms}, 
author={Raman, Ramakrishnan and Kantari, Hanumaji and Gokhale, Atul A and Elangovan, 
K and Meenakshi, B and Srinivasan, S}, 
booktitle={2024 International Conference on Automation and Computation (AUTOCOM)}, 
pages={187--191}, 
year={2024}, 
organization={IEEE} 
} 
@inproceedings{b30, 
title={Crop yield prediction using machine learning algorithm}, 
author={Ranjani, J and Kalaiselvi, VKG and Sheela, A and Janaki, G and others}, 
booktitle={2021 4th international conference on computing and communications 
technologies (ICCCT)}, 
pages={611--616}, 
year={2021}, 
organization={IEEE} 
}
@inproceedings{b31, 
title={Prediction of Crops Based on a Machine Learning Algorithm}, 
author={Karn, Richa Kumari and Suresh, A}, 
booktitle={2023 International Conference on Computer Communication and Informatics 
(ICCCI)}, 
pages={1--8}, 
year={2023}, 
organization={IEEE} 
}
@inproceedings{b32, 
title={A Comprehensive Analysis of Machine Learning Algorithms for Suitable Crop 
Prediction in Agriculture}, 
author={Shah, Kriti Priya and Sah, Subodh Narayan and Dharmaraj, Kadam Prajwal and 
Kumar, K Dinesh}, 
booktitle={2024 International Conference on Cognitive Robotics and Intelligent 
Systems (ICC-ROBINS)}, 
pages={63--68}, 
year={2024}, 
organization={IEEE} 
} 
@inproceedings{b33, 
title={Development of a Crop Recommendation System Through the Use of Various Machine 
Learning Algorithms}, 
author={Bhatnagar, Shaleen and Lakshmi, Napa and Ashwitha, A and others}, 
booktitle={2024 Second International Conference on Emerging Trends in Information 
Technology and Engineering (ICETITE)}, 
pages={1--6}, 
year={2024}, 
organization={IEEE} 
} 
@inproceedings{b34, 
title={Prediction of crop and yield in agriculture using machine learning technique}, 
author={kumar Gajula, Akshay and Singamsetty, Jaswanth and Dodda, Vineela Chandra and 
Kuruguntla, Lakshmi}, 
booktitle={2021 12th International Conference on Computing Communication and 
Networking Technologies (ICCCNT)}, 
pages={1--5}, 
year={2021}, 
organization={IEEE} 
} 
@inproceedings{b35, 
title={Prediction of crop yield based-on soil moisture using machine learning 
algorithms}, 
author={Paudel, Sameer and Nakarmi, Riyaz and Giri, Prashant and Karki, Shantanu 
Bahadur and others}, 
booktitle={2022 2nd international conference on technological advancements in 
computational sciences (ICTACS)}, 
pages={491--495}, 
year={2022}, 
organization={IEEE} 
} 
@inproceedings{b36, 
title={Empirical study of crop-disease detection and crop-yield analysis systems: a 
statistical view}, 
author={Dhande, Akshay and Malik, Rahul}, 
booktitle={2022 International Conference on Emerging Smart Computing and Informatics 
(ESCI)}, 
pages={1--4}, 
year={2022}, 
organization={IEEE} 
} 
@inproceedings{b37, 
title={Machine learning techniques for weather based crop yield prediction}, 
author={Reddy, Kasi Lohitha and Kumar, AP Siva}, 
booktitle={2023 Third International Conference on Artificial Intelligence and Smart 
Energy (ICAIS)}, 
pages={1263--1268}, 
year={2023}, 
organization={IEEE} 
} 
@inproceedings{b38, 
title={Crop Yield Prediction in Agriculture Using Gradient Boosting Algorithm 
Compared with Random Forest}, 
author={Yasaswy, MYS Karthik and Manimegalai, T and Somasundaram, Jayalakshmi}, 
booktitle={2022 International Conference on Cyber Resilience (ICCR)}, 
pages={1--4}, 
year={2022}, 
organization={IEEE} 
} 
@inproceedings{b39, 
title={Effective Crop Yield Prediction Using Gradient Boosting To Improve 
Agricultural Outcomes}, 
author={Pradeep, G and Rayen, T Dureen V and Pushpalatha, A and Rani, P Kavitha}, 
booktitle={2023 International Conference on Networking and Communications (ICNWC)}, 
pages={1--6}, 
year={2023}, 
organization={IEEE} 
}
@inproceedings{b40, 
title={A Machine Learning-based Agricultural Yield Forecasting System for Predicting 
Crop/Plant Yield before Planting the Crops/Plants}, 
author={Arun, R Arumuga and Saraswathi, T and Meeha, D and Sugeerthi, G}, 
booktitle={2023 12th International Conference on Advanced Computing (ICoAC)}, 
pages={1--6}, 
year={2023}, 
organization={IEEE} 
}
@inproceedings{b41, 
title={Comparative Analysis of Crop Yield Prediction Using Machine Learning}, 
author={Kumar, Ajay and Banerjee, Kakoli and Kumar, Pradeep and Aiman, Kasaf and 
Sonkar, Mukesh and Rajput, Raj and Asif, Mohd Rizwan}, 
booktitle={2023 International Conference on Advancement in Computation \& Computer 
Technologies (InCACCT)}, 
pages={310--315}, 
year={2023}, 
organization={IEEE} 
}
@inproceedings{b42, 
title={An Investigation on Machine Learning Algorithms for Crop Yield Prediction}, 
author={Singh, Raj and Bhavadharini, RM}, 
booktitle={2023 International Conference on System, Computation, Automation and 
Networking (ICSCAN)}, 
pages={1--6}, 
year={2023}, 
organization={IEEE} 
}
@inproceedings{b45, 
title={Ensemble machine learning approach for agricultural crop selection}, 
author={Islam, Arfanul and Khair, Imranul and Hossain, Sakawat and Ifty, Rashedul 
Arefin and Arefin, Muhammed Nazmul and Patwary, Muhammed JA}, 
booktitle={2023 International Conference on Electrical, Computer and Communication 
Engineering (ECCE)}, 
pages={1--6}, 
year={2023}, 
organization={IEEE} 
} 
@inproceedings{b46, 
title={Crop yield prediction using random forest algorithm}, 
author={Suresh, Namgiri and Ramesh, NVK and Inthiyaz, Syed and Priya, P Poorna and 
Nagasowmika, Kurra and Kumar, Kota VN Harish and Shaik, Mashkoor and Reddy, BNK}, 
booktitle={2021 7th international conference on advanced computing and communication 
systems (ICACCS)}, 
volume={1}, 
pages={279--282}, 
year={2021}, 
organization={IEEE} 
}
@inproceedings{b48, 
title={Crop Yield Prediction: A Fusion of IoT and Machine Learning for Precision 
Agriculture}, 
author={Islam, Arfanul and Ifty, Rashedul Arefin and Saim, Mohammad Abu Huraira and 
Al Mahin, Junaid and Nizamee, Md Fahim and Delowar, Khaled Eabne and Patwary, Muhammed 
JA}, 
booktitle={2023 26th International Conference on Computer and Information Technology 
(ICCIT)}, 
pages={1--6}, 
year={2023}, 
organization={IEEE} 
}
@article{b50, 
title={Fuzziness based semi-supervised multimodal learning for patient’s activity recognition using RGBDT videos}, 
author={Patwary, Muhammed JA and Cao, Weipeng and Wang, Xi-Zhao and Haque, Mohammad Ahsanul}, 
journal={Applied Soft Computing}, 
volume={120}, 
pages={108655}, 
year={2022}, 
publisher={Elsevier} 
} 
@article{b51, 
title={Impact of fuzziness measures on the performance of semi-supervised learning}, 
author={Patwary, Muhammed JA and Wang, Xi-Zhao and Yan, Dasen}, 
journal={International Journal of Fuzzy Systems}, 
volume={21}, 
pages={1430--1442}, 
year={2019}, 
publisher={Springer} 
}
@article{b52, 
title={An experimental study on symbolic extreme learning machine}, 
author={Liu, Jinga and Patwary, Muhammed JA and Sun, XiaoYun and Tao, Kai}, 
journal={International Journal of Machine Learning and Cybernetics}, 
volume={10}, 
pages={787--797}, 
year={2019}, 
publisher={Springer} 
} 


@INPROCEEDINGS{X1,
  author={Islam, Arfanul and Khair, Imranul and Ifty, Rashedul Arefin and Hossain, Sakawat and Arefin, Muhammed Nazmul and Bin Al Abid, Faisal},
  booktitle={2022 International Conference on Recent Progresses in Science, Engineering and Technology (ICRPSET)}, 
  title={Bangladeshi Agricultural Product Forecasting Approach Using Permutation Driven Machine Learning Algorithm}, 
  year={2022},
  volume={},
  number={},
  pages={1-6},
  keywords={Support vector machines;Visualization;Machine learning algorithms;Temperature;Wind speed;Crops;Stochastic processes;CatBoost Regressor;Crop Prediction;Weather;Agriculture;Regression Methods},
  doi={10.1109/ICRPSET57982.2022.10188538}}


@INPROCEEDINGS{x2,
  author={Ifty, Rashedul Arefin and Hossain, Afif and Ismail, Md. and Saim, Mohammad Abu Huraira},
  booktitle={2024 3rd International Conference on Advancement in Electrical and Electronic Engineering (ICAEEE)}, 
  title={Enhancing Precision Agriculture with Machine Learning & IoT: SVR and DTR Comparative Analysis}, 
  year={2024},
  volume={},
  number={},
  pages={1-6},
  keywords={Temperature distribution;Accuracy;Wind speed;Sociology;Crops;Weather forecasting;Machine learning;Precision Agriculture;Regression;Crop Yield Prediction;IoT},
  doi={10.1109/ICAEEE62219.2024.10561658}}


@INPROCEEDINGS{x3,
  author={Ifty, Rashedul Arefin},
  booktitle={2024 IEEE 12th Region 10 Humanitarian Technology Conference (R10-HTC)}, 
  title={Project AgriSage Tech: Federated Learning-Driven Agricultural Innovations for Precision Agriculture}, 
  year={2024},
  volume={},
  number={},
  pages={1-6},
  keywords={Productivity;Crops;Weather forecasting;Soil;Prediction algorithms;Real-time systems;Sustainable development;Artificial intelligence;Optimization;Diseases;Federated Learning;Crop Yield Prediction;Soil Moisture Estimation;Agricultural Disease Detection;Budget Distribution Optimization},
  doi={10.1109/R10-HTC59322.2024.10778905}}