@article{sadeek2020development,
  title={Development of district-wise crash prediction model in Bangladesh},
  author={Sadeek, Soumik Nafis and Rifaat, Shakil Mohammad},
  journal={Cogent Engineering},
  volume={7},
  number={1},
  pages={1762525},
  year={2020},
  publisher={Taylor \& Francis}
}

@online{ahmed2024ai,
  author       = {Mohsinat Ahmed},
  title        = {AI in Bangladeshâ€™s Road Transport: Pragmatic or Utopian?},
  year         = {2024},
  date         = {2024-10-21},
  url          = {https://industryinsiderbd.com/ai-in-bangladeshs-road-transport-pragmatic-or-utopian/},
  organization = {Industry Insider (blog)},
  note         = {Accessed: 2025-06-18}
}

@article{pourroostaei2023road,
  title={Road car accident prediction using a machine-learning-enabled data analysis},
  author={Pourroostaei Ardakani, Saeid and Liang, Xiangning and Mengistu, Kal Tenna and So, Richard Sugianto and Wei, Xuhui and He, Baojie and Cheshmehzangi, Ali},
  journal={Sustainability},
  volume={15},
  number={7},
  pages={5939},
  year={2023},
  publisher={MDPI}
}
@article{siswanto2023artificial,
  title={Artificial intelligence in road traffic accident prediction},
  author={Siswanto, Joko and Syaban, Alfath Satria Negara and Hariani, Hariani},
  journal={Jambura Journal of Informatics},
  volume={5},
  number={2},
  pages={77--90},
  year={2023}
}
@article{nandhiniroad,
  title={A Road Mishaps Analysis using Decision Tree and Random Forest Algorithms},
  author={Nandhini, S and Bindu, V Hima and Yadav, Sanjit and Singh, Rajan}
}
@article{panda2023predicting,
  title={Predicting and explaining severity of road accident using artificial intelligence techniques, SHAP and feature analysis},
  author={Panda, Chakradhara and Mishra, Alok Kumar and Dash, Aruna Kumar and Nawab, Hedaytullah},
  journal={International journal of crashworthiness},
  volume={28},
  number={2},
  pages={186--201},
  year={2023},
  publisher={Taylor \& Francis}
}
@article{bahasan2023ai,
  title={AI-ACCIDENT DETECTION SYSTEM FOR FAST RESCUE ON FREEWAYS USING ON-BOARD CAR MOTION SENSORS FUSION},
  author={Bahasan, Abdullah Mohammed},
  journal={Electronic Journal of University of Aden for Basic and Applied Sciences},
  volume={4},
  number={3},
  pages={262--272},
  year={2023}
}
@inproceedings{han2019performance,
  title={Performance evaluation on GNSS, wheel speed sensor, yaw rate sensor, and gravity sensor integrated positioning algorithm for automotive navigation system},
  author={Han, Joong-hee and Park, Chi-ho},
  booktitle={E3S Web of Conferences},
  volume={94},
  pages={02003},
  year={2019},
  organization={EDP Sciences}
}
@article{sarkar2019application,
  title={Application of optimized machine learning techniques for prediction of occupational accidents},
  author={Sarkar, Sobhan and Vinay, Sammangi and Raj, Rahul and Maiti, Jhareswar and Mitra, Pabitra},
  journal={Computers \& Operations Research},
  volume={106},
  pages={210--224},
  year={2019},
  publisher={Elsevier}
}
@inproceedings{elahi2014computer,
  title={Computer vision based road traffic accident and anomaly detection in the context of Bangladesh},
  author={Elahi, Mirza M Lutfe and Yasir, Rahat and Syrus, Minhaz Ahmed and Nine, Md SQ Zulkar and Hossain, Ishtiaque and Ahmed, Nova},
  booktitle={2014 International Conference on Informatics, Electronics \& Vision (ICIEV)},
  pages={1--6},
  year={2014},
  organization={IEEE}
}

@inproceedings{satu2017mining,
  title={Mining traffic accident data of N5 national highway in Bangladesh employing decision trees},
  author={Satu, Md Shahriare and Ahamed, Sharif and Hossain, Faruk and Akter, Tania and Farid, Dewan Md},
  booktitle={2017 IEEE Region 10 Humanitarian Technology Conference (R10-HTC)},
  pages={722--725},
  year={2017},
  organization={IEEE}
}
@inproceedings{lv2009real,
  title={Real-time highway traffic accident prediction based on the k-nearest neighbor method},
  author={Lv, Yisheng and Tang, Shuming and Zhao, Hongxia},
  booktitle={2009 international conference on measuring technology and mechatronics automation},
  volume={3},
  pages={547--550},
  year={2009},
  organization={IEEE}
}
@inproceedings{bulbul2016analysis,
  title={Analysis for status of the road accident occurance and determination of the risk of accident by machine learning in istanbul},
  author={B{\"u}lb{\"u}l, Halil {\.I}brahim and Kaya, Tar{\i}k and Tulgar, Yusuf},
  booktitle={2016 15th IEEE International Conference on Machine Learning and Applications (ICMLA)},
  pages={426--430},
  year={2016},
  organization={IEEE}
}
@inproceedings{nandurge2017analyzing,
  title={Analyzing road accident data using machine learning paradigms},
  author={Nandurge, Priyanka A and Dharwadkar, Nagaraj V},
  booktitle={2017 International Conference on I-SMAC (IoT in Social, Mobile, Analytics and Cloud)(I-SMAC)},
  pages={604--610},
  year={2017},
  organization={IEEE}
}
@article{hao2016effect,
  title={The effect of time of day on driver's injury severity at highway-rail grade crossings in the United States},
  author={Hao, Wei and Kamga, Camille and Wan, Dan},
  journal={Journal of traffic and transportation engineering (English edition)},
  volume={3},
  number={1},
  pages={37--50},
  year={2016},
  publisher={Elsevier}
}
@inproceedings{pitchipoo2014analysis,
  title={Analysis of prime reasons for night time accidents in public transport corporations},
  author={Pitchipoo, Pandian and Vincent, DS and Rajakarunakaran, S},
  booktitle={Proceedings of International Conference on Advances in Industrial Engineering Applications (ICAIEA2014)},
  pages={6--8},
  year={2014}
}
@online{lawinsider_ampeakhour,
  title        = {AM peak hour},
  year         = {n.d.},
  url          = {https://www.lawinsider.com/dictionary/am-peakhour#:~:text=AM%20peak%20hour%20means%20the,to%208%3A30%20AM},
  organization = {Law Insider},
  note         = {Accessed: 2025-06-18}
}

@article{eboli2020factors,
  title={Factors influencing accident severity: an analysis by road accident type},
  author={Eboli, Laura and Forciniti, Carmen and Mazzulla, Gabriella},
  journal={Transportation research procedia},
  volume={47},
  pages={449--456},
  year={2020},
  publisher={Elsevier}
}
@article{ma2021analytic,
  title={An analytic framework using deep learning for prediction of traffic accident injury severity based on contributing factors},
  author={Ma, Zhengjing and Mei, Gang and Cuomo, Salvatore},
  journal={Accident Analysis \& Prevention},
  volume={160},
  pages={106322},
  year={2021},
  publisher={Elsevier}
}
@article{abdel2005exploring,
  title={Exploring the overall and specific crash severity levels at signalized intersections},
  author={Abdel-Aty, Mohamed and Keller, Joanne},
  journal={Accident Analysis \& Prevention},
  volume={37},
  number={3},
  pages={417--425},
  year={2005},
  publisher={Elsevier}
}
@article{santos2021machine,
  title={Machine learning approaches to traffic accident analysis and hotspot prediction},
  author={Santos, Daniel and Saias, Jos{\'e} and Quaresma, Paulo and Nogueira, V{\'\i}tor Beires},
  journal={Computers},
  volume={10},
  number={12},
  pages={157},
  year={2021},
  publisher={Multidisciplinary Digital Publishing Institute}
}
@inproceedings{esmaeili2012determining,
  title={Determining the road defects impact on accident severity; based on vehicle situation after accident, an approach of logistic regression},
  author={Esmaeili, Alireza and Khalili, Mohadeseh and Pakgohar, Alireza},
  booktitle={2012 International Conference on Statistics in Science, Business and Engineering (ICSSBE)},
  pages={1--4},
  year={2012},
  organization={IEEE}
}
