






















@article{Maaß31122025,
author = {L. Maaß and C. Grab-Kroll and J. Koerner and W. Öchsner and M. Schön and DAC Messerer and TM Böckers and Anja Böckers and},
title = {Artificial Intelligence and ChatGPT in Medical Education: A Cross-Sectional Questionnaire on students’ Competence},
journal = {Journal of CME},
volume = {14},
number = {1},
pages = {2437293},
year = {2025},
publisher = {Taylor \& Francis},
doi = {10.1080/28338073.2024.2437293},


URL = { 
    
        https://doi.org/10.1080/28338073.2024.2437293
    
    

},
eprint = { 
    
        https://doi.org/10.1080/28338073.2024.2437293
    
    

}

}


